<collection xmlns="http://www.loc.gov/MARC21/slim">
<record>
  <leader>01332nam0a2200253 i 450 </leader>
  <controlfield tag="001">IT\ICCU\CNCE\011715</controlfield>
  <controlfield tag="005">20071003000000.0</controlfield>
  <datafield tag="012" ind1=" " ind2=" ">
    <subfield code="a">r,a- 1020 u:o- caom (3) 1598 (R)</subfield>
    <subfield code="2">fei</subfield>
  </datafield>
  <datafield tag="100" ind1=" " ind2=" ">
    <subfield code="a">19970101d1598        0itac0103    ba</subfield>
  </datafield>
  <datafield tag="101" ind1=" " ind2=" ">
    <subfield code="a">LAT</subfield>
  </datafield>
  <datafield tag="102" ind1=" " ind2=" ">
    <subfield code="a">IT</subfield>
  </datafield>
  <datafield tag="200" ind1="1" ind2=" ">
    <subfield code="a">Missale Romanum. Ex decreto sacros. Concil. Trid. restitutum ... Cum Kalendario Gregoriano. Ac missis sanctorum  ̉Gregorio XIII. Sisto V. &amp; Clemente VIII. ss.pp. in Kalendario Romano descriptum</subfield>
  </datafield>
  <datafield tag="210" ind1=" " ind2=" ">
    <subfield code="a">Venetiis</subfield>
    <subfield code="c"></subfield>
    <subfield code="c">apud Bonifacium Cieram</subfield>
    <subfield code="d">typographum Venetum. Qui manu propria huius missalis characterem</subfield>
    <subfield code="d">sacerdotibus percommodum</subfield>
    <subfield code="d">nuperrime exculpsit</subfield>
    <subfield code="d">1598</subfield>
  </datafield>
  <datafield tag="215" ind1=" " ind2=" ">
    <subfield code="a">\20!, 273 c.</subfield>
    <subfield code="c">ill.</subfield>
    <subfield code="d">fol</subfield>
  </datafield>
  <datafield tag="500" ind1="1" ind2="0">
    <subfield code="3">IT\ICCU\CNCE\037213</subfield>
    <subfield code="a">Missale</subfield>
  </datafield>
  <datafield tag="620" ind1=" " ind2=" ">
    <subfield code="a">IT</subfield>
    <subfield code="d">Venezia</subfield>
  </datafield>
  <datafield tag="710" ind1="0" ind2="2">
    <subfield code="a">Chiesa cattolica</subfield>
    <subfield code="3">6731</subfield>
  </datafield>
  <datafield tag="712" ind1="0" ind2="0">
    <subfield code="a">Ciera, Bonifacio</subfield>
    <subfield code="3">IT\ICCU\CNCT\001437</subfield>
    <subfield code="4">650</subfield>
  </datafield>
  <datafield tag="791" ind1="0" ind2="2">
    <subfield code="a">℗Al segno dell&apos;℗Europa</subfield>
    <subfield code="3">IT\ICCU\CNCT\001461</subfield>
    <subfield code="z">Ciera, Bonifacio</subfield>
  </datafield>
  <datafield tag="791" ind1="0" ind2="0">
    <subfield code="a">Ciera, Bonifacius</subfield>
    <subfield code="3">IT\ICCU\CNCT\004599</subfield>
    <subfield code="z">Ciera, Bonifacio</subfield>
  </datafield>
  <datafield tag="801" ind1=" " ind2="3">
    <subfield code="a">IT</subfield>
    <subfield code="b">ICCU</subfield>
    <subfield code="c">20201113</subfield>
  </datafield>
  <datafield tag="899" ind1=" " ind2=" ">
    <subfield code="a">Biblioteca dell&apos;Abbazia di Monte Oliveto Maggiore. Asciano</subfield>
    <subfield code="1">SI0003</subfield>
    <subfield code="2">ZSI 04</subfield>
  </datafield>
  <datafield tag="911" ind1=" " ind2=" ">
    <subfield code="a">Sul front.</subfield>
    <subfield code="9">IT\ICCU\CNCM\001357</subfield>
  </datafield>
  <datafield tag="921" ind1=" " ind2=" ">
    <subfield code="a">IT\ICCU\CNCM\001357</subfield>
    <subfield code="b">Europa (donna seduta su toro che attraversa il mare). In cornice figurata.</subfield>
    <subfield code="c">U310</subfield>
    <subfield code="d">Dimensioni: 9 x 8,7</subfield>
    <subfield code="f">EUROPA</subfield>
    <subfield code="f">TORO</subfield>
    <subfield code="f">MARE</subfield>
    <subfield code="g">1598</subfield>
  </datafield>
</record>
</collection>
